@inproceedings{agrawal-2002-dbxplorer,
  title={DBXplorer: enabling keyword search over relational databases},
  author={Agrawal, Sanjay and Chaudhuri, Surajit and Das, Gautam},
  booktitle={Proceedings of the 2002 ACM SIGMOD international conference on
    Management of data},
  pages={627--627},
  year={2002},
  organization={ACM}
}

@inproceedings{angeli-2014-naturalli,
  title={NaturalLI: Natural Logic Inference for Common Sense Reasoning},
  author={Angeli, Gabor and Manning, Christopher D},
  booktitle={Proceedings of the Conference on Empirical Methods in Natural
    Language Processing (EMNLP-2014)},
  year={2014}
}

@inproceedings{berant-2013-semantic-parsing-qa,
  title={Semantic Parsing on Freebase from Question-Answer Pairs.},
  author={Berant, Jonathan and Chou, Andrew and Frostig, Roy and Liang, Percy},
  booktitle={EMNLP},
  pages={1533--1544},
  year={2013}
}

@inproceedings{betteridge-2014-expressed-more-than-once,
  title={Assuming Facts Are Expressed More Than Once},
  author={Betteridge, Justin and Ritter, Alan and Mitchell, Tom},
  booktitle={27 th International Conference of the Florida Artificial
    Intelligence Research Society},
  year={2014}
}

@inproceedings{bhalotia-2002-banks,
  title={Keyword searching and browsing in databases using BANKS},
  author={Bhalotia, Gaurav and Hulgeri, Arvind and Nakhe, Charuta and
    Chakrabarti, Soumen and Sudarshan, Shashank},
  booktitle={Data Engineering, 2002. Proceedings. 18th International Conference
    on},
  pages={431--440},
  year={2002},
  organization={IEEE}
}

@inproceedings{bordes-2011-structured-embeddings,
  title={Learning Structured Embeddings of Knowledge Bases},
  author={Bordes, Antoine and Weston, Jason and Collobert, Ronan and Bengio,
    Yoshua and others}, booktitle={AAAI},
  year={2011}
}

@inproceedings{bordes-2013-transe,
  title={Translating embeddings for modeling multi-relational data},
  author={Bordes, Antoine and Usunier, Nicolas and Garcia-Duran, Alberto and
    Weston, Jason and Yakhnenko, Oksana},
  booktitle={Advances in Neural Information Processing Systems},
  pages={2787--2795},
  year={2013}
}

@article{bruna-2013-graph-embeddings,
  title={Spectral Networks and Locally Connected Networks on Graphs},
  author={Bruna, Joan and Zaremba, Wojciech and Szlam, Arthur and LeCun, Yann},
  journal={arXiv preprint arXiv:1312.6203},
  year={2013}
}

@inproceedings{carlson-2010-nell,
  title={Toward an Architecture for Never-Ending Language Learning.},
  author={Carlson, Andrew and Betteridge, Justin and Kisiel, Bryan and Settles,
    Burr and Hruschka Jr, Estevam R and Mitchell, Tom M.},
  booktitle={AAAI},
  year={2010}
}

@inproceedings{chakrabarti-2007-ppr-entity-relation-graphs,
  title={Dynamic personalized pagerank in entity-relation graphs},
  author={Chakrabarti, Soumen},
  booktitle={Proceedings of the 16th international conference on World Wide
    Web},
  pages={571--580},
  year={2007},
  organization={ACM}
}

@inproceedings{chang-2014-trescal,
  title={Typed tensor decomposition of knowledge bases for relation
    extraction},
  author={Chang, Kai-Wei and Yih, Wen-tau and Yang, Bishan and Meek,
    Christopher},
  booktitle={Proceedings of the 2014 Conference on Empirical Methods in Natural
    Language Processing (EMNLP)},
  pages={1568--1579},
  year={2014}
}

@inproceedings{choi-2015-semantic-parsing-partial-ontologies,
  title={Scalable Semantic Parsing With Partial Ontologies},
  author={Choi, Eunsol and Kwiatkowski, Tom and Zettlemoyer, Luke},
  booktitle={Proceedings of ACL},
  year={2015}
}

@inproceedings{clark-2013-kb-requirements-for-qa,
  title={A study of the knowledge base requirements for passing an elementary
    science test},
  author={Clark, Peter and Harrison, Philip and Balasubramanian, Niranjan},
  booktitle={Proceedings of the 2013 workshop on Automated knowledge base
    construction},
  pages={37--42},
  year={2013},
  organization={ACM}
}

@article{craven-1999-biological-kbs,
  author = {Mark Craven and Johan Kumlien},
  title = {Constructing biological knowledge bases by extracting information from text sources.},
  journal = {In Proceedings of the Seventh International Conference on Intelligent Systems for Molecular Biology},
  issue_date = {7/30/1999},
  volume = {3},
  month = mar,
  year = {20},
  issn = {1532-4435},
  pages = {993--1022},
  numpages = {30},
  url = {http://dl.acm.org/citation.cfm?id=944919.944937},
  acmid = {944937},
  publisher = {JMLR.org},
}

@article{conceptnet-2004,
  title={ConceptNet: a practical commonsense reasoning tool-kit},
  author={Liu, Hugo and Singh, Push},
  journal={BT Technology Journal},
  volume={22},
  number={4},
  pages={211--226},
  year={2004},
  publisher={Springer}
}

@article{cyc-1995,
  title={CYC: A large-scale investment in knowledge infrastructure},
  author={Lenat, Douglas B},
  journal={Communications of the ACM},
  volume={38},
  number={11},
  pages={33--38},
  year={1995},
  publisher={ACM}
}

@inproceedings{dbpedia-2012-mendes,
  title = {DBpedia for NLP: A Multilingual Cross-domain Knowledge Base},
  author = {Mendes, Pablo N. and Jakob, Max and Bizer, Christian},
  booktitle = {Proceedings of the Eighth International Conference on Language
    Resources and Evaluation (LREC'12)},
  year = {2012},
}

@inproceedings{doddington-2004-ace-overview,
  title={The Automatic Content Extraction (ACE) Program-Tasks, Data, and
    Evaluation.},
  author={Doddington, George R and Mitchell, Alexis and Przybocki, Mark A and
    Ramshaw, Lance A and Strassel, Stephanie and Weischedel, Ralph M},
  booktitle={LREC},
  year={2004}
}

@inproceedings{dong-2014-knowledge-vault,
  title={Knowledge vault: A web-scale approach to probabilistic knowledge
    fusion},
  author={Dong, Xin and Gabrilovich, Evgeniy and Heitz, Geremy and Horn, Wilko
    and Lao, Ni and Murphy, Kevin and Strohmann, Thomas and Sun, Shaohua and
      Zhang, Wei},
  booktitle={Proceedings of the 20th ACM SIGKDD international conference on
    Knowledge discovery and data mining},
  pages={601--610},
  year={2014},
  organization={ACM}
}

@inproceedings{dong-2015-freebase-qa-mccnn,
  title={Question Answering over Freebase with Multi-Column Convolutional Neural Networks},
  author={Li Dong and Furu Wei and Ming Zhou and Ke Xu},
  booktitle={ACL},
  year={2015}
}

@inproceedings{dyer-2013-fast-align,
  title={A Simple, Fast, and Effective Reparameterization of IBM Model 2.},
  author={Dyer, Chris and Chahuneau, Victor and Smith, Noah A},
  booktitle={HLT-NAACL},
  pages={644--648},
  year={2013},
  organization={Citeseer}
}

@inproceedings{etzioni-2011-openie-second-generation,
  title={Open Information Extraction: The Second Generation.},
  author={Etzioni, Oren and Fader, Anthony and Christensen, Janara and
    Soderland, Stephen and Mausam, Mausam},
  booktitle={IJCAI},
  volume={11},
  pages={3--10},
  year={2011}
}

@inproceedings{fader-2011-reverb,
  title={Identifying relations for open information extraction},
  author={Fader, Anthony and Soderland, Stephen and Etzioni, Oren},
  booktitle={Proceedings of the Conference on Empirical Methods in Natural
    Language Processing},
  pages={1535--1545},
  year={2011},
  organization={Association for Computational Linguistics}
}

@inproceedings{faruqui-2015-retrofitting-word-vectors,
  title={Retrofitting Word Vectors to Semantic Lexicons},
  author={Manaal Faruqui and Jesse Dodge and Sujay Kumar Jauhar and Chris Dyer
    and Eduard H. Hovy and Noah A. Smith},
  booktitle={NAACL},
  year={2015}
}

@inproceedings{faruqui-2015-multilingual-relation-extraction,
  title={Multilingual Open Relation Extraction Using Cross-lingual Projection},
  author={Faruqui, Manaal and Kumar, Shankar},
  booktitle={Proceedings of NAACL},
  year={2015}
}

@inproceedings{finkel-2005-non-local-ie,
  title={Incorporating non-local information into information extraction
    systems by gibbs sampling},
  author={Finkel, Jenny Rose and Grenager, Trond and Manning, Christopher},
  booktitle={Proceedings of the 43rd Annual Meeting on Association for
    Computational Linguistics},
  pages={363--370},
  year={2005},
  organization={Association for Computational Linguistics}
}

@inproceedings{freebase-2008-bollacker,
  title={Freebase: a collaboratively created graph database for structuring human knowledge},
  author={Bollacker, Kurt and Evans, Colin and Paritosh, Praveen and Sturge, Tim and Taylor, Jamie},
  booktitle={Proceedings of SIGMOD},
  year={2008},
}

@article{gabrilovich-2013-clueweb-entity-linking,
  title={FACC1: Freebase annotation of ClueWeb corpora, Version 1 (Release date 2013-06-26, Format version 1, Correction level 0)},
  author={Gabrilovich, Evgeniy and Ringgaard, Michael and Subramanya, Amarnag},
  journal={Note: http://lemurproject. org/clueweb09/FACC1/Cited by},
  volume={5},
  year={2013}
}

@incollection{garcia-2014-tatec,
  title={Effective Blending of Two and Three-way Interactions for Modeling
    Multi-relational Data},
  author={Garc{\'\i}a-Dur{\'a}n, Alberto and Bordes, Antoine and Usunier,
    Nicolas},
  booktitle={Machine Learning and Knowledge Discovery in Databases},
  pages={434--449},
  year={2014},
  publisher={Springer}
}

@inproceedings{gardner-2013-latent-pra,
  title={Improving Learning and Inference in a Large Knowledge-base using
    Latent Syntactic Cues},
  author={Gardner, Matt and Talukdar, Partha and Kisiel, Bryan and Mitchell,
    Tom},
  booktitle={Proceedings of EMNLP},
  year={2013},
  organization={Association for Computational Linguistics}
}

@inproceedings{gardner-2014-vector-space-pra,
  title={Incorporating Vector Space Similarity in Random Walk Inference over
    Knowledge Bases},
  author={Gardner, Matt and Talukdar, Partha and Krishnamurthy, Jayant
    and Mitchell, Tom},
  booktitle={Proceedings of EMNLP},
  year={2014},
  organization={Association for Computational Linguistics}
}

@inproceedings{gardner-2015-aaai-symposium,
  title={Combining Vector Space Embeddings with Symbolic Logical Inference over
    Open-Domain Text},
  author={Gardner, Matt and Talukdar, Partha and Mitchell, Tom},
  booktitle={2015 AAAI Spring Symposium Series},
  year={2015}
}

@inproceedings{gardner-2015-sfe,
  title={Efficient and Expressive Knowledge Base Completion Using Subgraph
    Feature Extraction},
  author={Gardner, Matt and Mitchell, Tom},
  booktitle={Proceedings of EMNLP},
  year={2015},
  organization={Association for Computational Linguistics}
}

@phdthesis{gardner-2015-thesis,
  title={Reading and Reasoning with Knowledge Graphs},
  author={Gardner, Matt},
  school={Carnegie Mellon University},
  year={2015}
}

@book{getoor-2007-introduction-to-srl,
  title={Introduction to statistical relational learning},
  author={Getoor, Lise and Taskar, Ben},
  year={2007},
  publisher={MIT press}
}

@inproceedings{getoor-2011-srl-survey,
 author = {Getoor, Lise and Mihalkova, Lilyana},
 title = {Learning Statistical Models from Relational Data},
 booktitle = {Proceedings of the 2011 ACM SIGMOD International Conference on
   Management of Data}, series = {SIGMOD '11},
 year = {2011},
 isbn = {978-1-4503-0661-4},
 location = {Athens, Greece},
 pages = {1195--1198},
 numpages = {4},
 url = {http://doi.acm.org/10.1145/1989323.1989451},
 doi = {10.1145/1989323.1989451},
 acmid = {1989451},
 publisher = {ACM},
 address = {New York, NY, USA},
 keywords = {machine learning, probabilistic graphical models, statistical
   relational learning},
}

@inproceedings{guu-2015-traversing-kgs-in-vs,
  title={Traversing Knowledge Graphs in Vector Space},
  author={Guu, Kelvin and Miller, John and Liang, Percy},
  booktitle={Proceedings of EMNLP},
  year={2015}
}

@inproceedings{grishman-1996-muc-history,
  title={Message Understanding Conference-6: A Brief History.},
  author={Grishman, Ralph and Sundheim, Beth},
  booktitle={COLING},
  volume={96},
  pages={466--471},
  year={1996}
}

@article{harris-1954-distributional-hypothesis,
  title={Distributional structure},
  author={Harris, Zellig S},
  journal={Word},
  volume={10},
  number={2-3},
  pages={146--162},
  year={1954},
  publisher={Taylor \& Francis}
}

@inproceedings{haveliwala-2002-topic-sensitive-pagerank,
  title={Topic-sensitive pagerank},
  author={Haveliwala, Taher H},
  booktitle={Proceedings of the 11th international conference on World Wide
    Web},
  pages={517--526},
  year={2002},
  organization={ACM}
}

@inproceedings{hoffmann-2011-distant-supervision,
  title={Knowledge-based weak supervision for information extraction of
    overlapping relations},
  author={Hoffmann, Raphael and Zhang, Congle and Ling, Xiao and Zettlemoyer,
    Luke and Weld, Daniel S},
  booktitle={Proceedings of the 49th Annual Meeting of the Association for
    Computational Linguistics: Human Language Technologies-Volume 1},
  pages={541--550},
  year={2011},
  organization={Association for Computational Linguistics}
}

@inproceedings{jeh-2003-scaling-personalized-pagerank,
  title={Scaling personalized web search},
  author={Jeh, Glen and Widom, Jennifer},
  booktitle={Proceedings of the 12th international conference on World Wide
    Web},
  pages={271--279},
  year={2003},
  organization={ACM}
}

@inproceedings{kemp-2006-infinite-relational-model,
  title={Learning systems of concepts with an infinite relational model},
  author={Kemp, Charles and Tenenbaum, Joshua B and Griffiths, Thomas L and
    Yamada, Takeshi and Ueda, Naonori},
  booktitle={AAAI},
  volume={3},
  pages={5},
  year={2006}
}

@article{khot-2015-mlns-for-qa,
  title={Markov Logic Networks for Natural Language Question Answering},
  author={Khot, Tushar and Balasubramanian, Niranjan and Gribkoff, Eric and
    Sabharwal, Ashish and Clark, Peter and Etzioni, Oren},
  journal={arXiv preprint arXiv:1507.03045},
  year={2015}
}

@inproceedings{krishnamurthy-2012-semantic-parsing,
  title={Weakly supervised training of semantic parsers},
  author={Krishnamurthy, Jayant and Mitchell, Tom M},
  booktitle={Proceedings of the 2012 Joint Conference on Empirical Methods in
    Natural Language Processing and Computational Natural Language Learning},
  pages={754--765},
  year={2012},
  organization={Association for Computational Linguistics}
}

@inproceedings{krishnamurthy-2014-joint-ccg,
  author = {Krishnamurthy, Jayant and Mitchell, Tom M.},
  title = {Joint Syntactic and Semantic Parsing with Combinatory
    Categorial Grammar},
  booktitle = {Proceedings of the 52nd Annual Meeting of the
    Association for Computational Linguistics (ACL)},
  year = {2014}
}

@article{krishnamurthy-2015-semparse-open-vocabulary,
  title={Learning a compositional semantics for {Freebase} with an open predicate vocabulary},
  author={Krishnamurthy, Jayant and Mitchell, Tom M.},
  journal={Transactions of the Association for Computational Linguistics},
  volume={3},
  pages={257--270},
  year={2015}
}

@inproceedings{kwiatkowski-2013-ontology-matching,
  title={Scaling semantic parsers with on-the-fly ontology matching},
  author={Kwiatkowski, Tom and Choi, Eunsol and Artzi, Yoav and Zettlemoyer,
    Luke},
  booktitle={Proceedings of the 2013 Conference on Empirical Methods in
    Natural Language Processing},
  year={2013},
  publisher={Citeseer}
}

@inproceedings{kyrola-2012-graphchi,
  title={GraphChi: Large-scale graph computation on just a PC},
  author={Kyrola, Aapo and Blelloch, Guy and Guestrin, Carlos},
  booktitle={Proceedings of the 10th USENIX Symposium on Operating Systems Design and Implementation (OSDI)},
  pages={31--46},
  year={2012}
}

@inproceedings{lao-2010-original-pra,
  title={Fast query execution for retrieval models based on path-constrained
    random walks},
  author={Lao, Ni and Cohen, William W},
  booktitle={Proceedings of the 16th ACM SIGKDD international conference on
    Knowledge discovery and data mining},
  pages={881--888},
  year={2010},
  organization={ACM}
}

@article{lao-2010-pra-journal,
  title={Relational retrieval using a combination of path-constrained random walks},
  author={Lao, Ni and Cohen, William W},
  journal={Machine learning},
  volume={81},
  number={1},
  pages={53--67},
  year={2010},
  publisher={Springer}
}

@inproceedings{lao-2011-pra2,
  title={Random walk inference and learning in a large scale knowledge base},
  author={Lao, Ni and Mitchell, Tom and Cohen, William W},
  booktitle={Proceedings of EMNLP},
  year={2011},
  organization={Association for Computational Linguistics}
}

@inproceedings{lao-2012-syntactic-pra,
  title={Reading the web with learned syntactic-semantic inference rules},
  author={Lao, Ni and Subramanya, Amarnag and Pereira, Fernando and Cohen, William W},
  booktitle={Proceedings of EMNLP-CoNLL},
  year={2012},
}

@phdthesis{lao-2012-thesis,
  title={Efficient Random Walk Inference with Knowledge Bases},
  author={Lao, Ni},
  year={2012},
  school={Carnegie Mellon University}
}

@article{lewis-2013-combined-distributional-and-logical-semantics,
  title={Combined Distributional and Logical Semantics},
  author={Mike Lewis and Mark Steedman},
  journal={TACL},
  year={2013},
  volume={1},
  pages={179-192}
}

@inproceedings{levesque-2012-winograd-schema,
  title={The Winograd schema challenge.},
  author={Levesque, Hector J and Davis, Ernest and Morgenstern, Leora},
  booktitle={KR},
  year={2012}
}

@inproceedings{levy-2014-w2v-as-mf,
  title={Neural Word Embedding as Implicit Matrix Factorization},
  author={Omer Levy and Yoav Goldberg},
  booktitle={NIPS},
  year={2014}
}

@inproceedings{li-2015-semantic-parsing-scfg,
  title={Improving Semantic Parsing with Enriched Synchronous Context-Free Grammar},
  author={Junhui Li and Muhua Zhu and Wei Lu and Guodong Zhou},
  booktitle={EMNLP},
  year={2015}
}

@article{libsvm-2011-chang,
  title={LIBSVM: a library for support vector machines},
  author={Chang, Chih-Chung and Lin, Chih-Jen},
  journal={ACM Transactions on Intelligent Systems and Technology (TIST)},
  volume={2},
  number={3},
  pages={27},
  year={2011},
  publisher={ACM}
}

@inproceedings{maccartney-2007-natural-logic,
  title={Natural logic for textual inference},
  author={MacCartney, Bill and Manning, Christopher D},
  booktitle={Proceedings of the ACL-PASCAL Workshop on Textual Entailment and
    Paraphrasing},
  pages={193--200},
  year={2007},
  organization={Association for Computational Linguistics}
}

@inproceedings{mausam-2012-ollie,
  title={Open language learning for information extraction},
  author={Mausam and Schmitz, Michael and Bart, Robert and Soderland, Stephen
    and Etzioni, Oren},
  booktitle={Proceedings of the 2012 Joint Conference on Empirical Methods in
    Natural Language Processing and Computational Natural Language Learning},
  pages={523--534},
  year={2012},
  organization={Association for Computational Linguistics}
}

@inproceedings{mikolov-2013-word2vec,
  title={Efficient estimation of word representations in vector space},
  author={Mikolov, Tomas and Chen, Kai and Corrado, Greg and Dean, Jeffrey},
  booktitle={ICLR},
  year={2013}
}

@inproceedings{minkov-2006-graph-walks-reranking,
  title={Contextual search and name disambiguation in email using graphs},
  author={Minkov, Einat and Cohen, William W and Ng, Andrew Y},
  booktitle={Proceedings of the 29th annual international ACM SIGIR conference
    on Research and development in information retrieval},
  pages={27--34},
  year={2006},
  organization={ACM}
}

@inproceedings{minkov-2008-graph-walks-similarity,
  title={Learning graph walk based similarity measures for parsed text},
  author={Minkov, Einat and Cohen, William W},
  booktitle={Proceedings of the Conference on Empirical Methods in Natural
    Language Processing},
  pages={907--916},
  year={2008},
  organization={Association for Computational Linguistics}
}

@inproceedings{mintz-2009-distant-supervision,
  title={Distant supervision for relation extraction without labeled data},
  author={Mintz, Mike and Bills, Steven and Snow, Rion and Jurafsky, Dan},
  booktitle={Proceedings of the Joint Conference of the 47th Annual Meeting of
    the ACL and the 4th International Joint Conference on Natural Language
      Processing of the AFNLP},
  pages={1003--1011},
  year={2009},
  organization={Association for Computational Linguistics}
}

@incollection{montague-1974-english-formal-language,
  title={English as a formal language},
  author={Montague, Richard},
  booktitle={Formal Philosophy},
  editor={Montague, Richard},
  publisher={Yale University Press},
  address={New Haven, CT},
  year={1974}
}

@article{muggleton-1994-inductive-logic-programming,
  title={Inductive logic programming: Theory and methods},
  author={Muggleton, Stephen and De Raedt, Luc},
  journal={The Journal of Logic Programming},
  volume={19},
  pages={629--679},
  year={1994},
  publisher={Elsevier}
}

@inproceedings{nakashole-2015-pp-attachment,
  title={A Knowledge-Intensive Model for Prepositional Phrase Attachment},
  author={Nakashole, Ndapandula and Mitchell, Tom M.},
  booktitle={ACL 2015},
  year={2015},
  organization={Association for Computational Linguistics}
}

@inproceedings{neelakantan-2015-rnn-kbc,
  title={Compositional Vector Space Models for Knowledge Base Completion},
  author={Neelakantan, Arvind and Roth, Benjamin and McCallum, Andrew},
  booktitle={ACL 2015},
  year={2015},
  organization={Association for Computational Linguistics}
}

@inproceedings{nell-2015-aaai,
  title={Never-Ending Learning},
  author={Mitchell, Tom M. and Cohen, William and Hruschka, Estevam and
    Talukdar, Partha and Betteridge, Justin and Carlson, Andrew and Dalvi,
    Bhavana and Gardner, Matthew and Kisiel, Bryan and Krishnamurthy, Jayant
      and Lao, Ni and Mazaitis, Kathryn and Mohamed, Thahir and Nakashole,
    Ndapa and Platanios, Emmanouil Antonios and Ritter, Alan and Samadi, Mehdi
      and Settles, Burr and Wang, Richard and Wijaya, Derry and Gupta, Abhinav
      and Chen, Xinlei and Saparov, Abulhair and Greaves, Malcolm and Welling,
    Joel},
  booktitle={AAAI 2015},
  year={2015},
  organization={Association for the Advancement of Artificial Intelligence}
}

@inproceedings{nickel-2011-rescal,
  title={A three-way model for collective learning on multi-relational data},
  author={Nickel, Maximilian and Tresp, Volker and Kriegel, Hans-Peter},
  booktitle={Proceedings of the 28th international conference on machine
    learning (ICML-11)},
  pages={809--816},
  year={2011}
}

@inproceedings{nickel-2014-are,
  title={Reducing the Rank in Relational Factorization Models by Including
    Observable Patterns},
  author={Nickel, Maximilian and Jiang, Xueyan and Tresp, Volker},
  booktitle={Advances in Neural Information Processing Systems},
  pages={1179--1187},
  year={2014}
}

@article{niu-2011-tuffy-mlns,
  title={Tuffy: Scaling up statistical inference in markov logic networks using
    an rdbms},
  author={Niu, Feng and R{\'e}, Christopher and Doan, AnHai and Shavlik, Jude},
  journal={Proceedings of the VLDB Endowment},
  volume={4},
  number={6},
  pages={373--384},
  year={2011},
  publisher={VLDB Endowment}
}

@article{page-1999-pagerank,
  title={The PageRank citation ranking: bringing order to the Web.},
  author={Page, Lawrence and Brin, Sergey and Motwani, Rajeev and Winograd,
    Terry},
  year={1999},
  publisher={Stanford InfoLab}
}

@article{passos-2014-ner-with-phrase-embeddings,
  title={Lexicon Infused Phrase Embeddings for Named Entity Resolution},
  author={Passos, Alexandre and Kumar, Vineet and McCallum, Andrew},
  journal={arXiv preprint arXiv:1404.5367},
  year={2014}
}

@inproceedings{popescul-2002-structural-logistic-regression,
  title={Towards structural logistic regression: Combining relational and
    statistical learning},
  author={Popescul, Alexandrin and Ungar, Lyle H and Lawrence, Steve and
    Pennock, David M},
  booktitle={Workshop on Multi-Relational Data Mining at KDD},
  year={2002}
}

@article{quinlan-1990-foil,
  title={Learning logical definitions from relations},
  author={Quinlan, J. Ross},
  journal={Machine learning},
  volume={5},
  number={3},
  pages={239--266},
  year={1990},
  publisher={Springer}
}

@article{reddy-2014-graph-matching,
  title={Large-scale Semantic Parsing without Question-Answer Pairs},
  author={Siva Reddy and Mirella Lapata and Mark Steedman},
  journal={TACL},
  year={2014},
  volume={2},
  pages={377-392}
}

@article{reddy-2016-dep-lambda,
  title={Transforming Dependency Structures to Logical Forms for Semantic Parsing},
  author={Siva Reddy and Oscar T{\"a}ckstr{\"o}m and Michael Collins and Tom Kwiatkowski and
    Dipanjan Das and Mark Steedman and Mirella Lapata},
  journal={TACL},
  year={2016},
  volume={4},
  pages={127-140}
}

@inproceedings{richards-1992-relational-pathfinding,
  title={Learning Relations by Pathfinding},
  author={Richards, Bradley L and Mooney, Raymond J},
  booktitle={Proceedings of the Tenth National Conference on Artificial
    Intelligence (AAAI-92)},
  year={1992}
}

@article{richardson-2006-markov-logic-networks,
  title={Markov logic networks},
  author={Richardson, Matthew and Domingos, Pedro},
  journal={Machine learning},
  volume={62},
  number={1-2},
  pages={107--136},
  year={2006},
  publisher={Springer}
}

@inproceedings{richardson-2013-mctest,
  title={MCTest: A Challenge Dataset for the Open-Domain Machine Comprehension
    of Text.},
  author={Richardson, Matthew and Burges, Christopher JC and Renshaw, Erin},
  booktitle={EMNLP},
  volume={1},
  pages={2},
  year={2013}
}

@incollection{riedel-2010-distant-supervision,
  title={Modeling relations and their mentions without labeled text},
  author={Riedel, Sebastian and Yao, Limin and McCallum, Andrew},
  booktitle={Machine Learning and Knowledge Discovery in Databases},
  pages={148--163},
  year={2010},
  publisher={Springer}
}

@inproceedings{riedel-2013-mf-universal-schema,
  title={Relation Extraction with Matrix Factorization and Universal Schemas},
  author={Riedel, Sebastian and Yao, Limin and McCallum, Andrew and Marlin, Benjamin M},
  booktitle={Proceedings of NAACL-HLT},
  year={2013}
}

@inproceedings{rocktaschel-2015-logical-embeddings,
  title={Injecting Logical Background Knowledge into Embeddings for Relation
    Extraction},
  author={Tim Rockt\"{a}schel and Sameer Singh and Sebastian Riedel},
  booktitle={NAACL},
  year={2015}
}

@inproceedings{schoenmackers-2008-holmes,
  title={Scaling textual inference to the web},
  author={Schoenmackers, Stefan and Etzioni, Oren and Weld, Daniel S},
  booktitle={Proceedings of the Conference on Empirical Methods in Natural Language Processing},
  pages={79--88},
  year={2008},
  organization={Association for Computational Linguistics}
}

@inproceedings{schoenmackers-2010-sherlock,
 author = {Schoenmackers, Stefan and Etzioni, Oren and Weld, Daniel S. and
   Davis, Jesse},
 title = {Learning First-order Horn Clauses from Web Text},
 booktitle = {Proceedings of the 2010 Conference on Empirical Methods in
   Natural Language Processing},
 series = {EMNLP '10},
 year = {2010},
 location = {Cambridge, Massachusetts},
 pages = {1088--1098},
 numpages = {11},
 url = {http://dl.acm.org/citation.cfm?id=1870658.1870764},
 acmid = {1870764},
 publisher = {Association for Computational Linguistics},
 address = {Stroudsburg, PA, USA},
}

@inproceedings{schwartz-2016-symmetric-patterns-w2v,
  title={Symmetric Patterns and Coordinations: Fast and Enhanced
    Representations of Verbs and Adjectives},
  author={Schwartz, Roy and Reichart, Roi and Rappoport, Ari},
  booktitle={NAACL},
  year={2015}
}

@inproceedings{socher-2013-neural-tensor-networks,
  title={Reasoning with neural tensor networks for knowledge base completion},
  author={Socher, Richard and Chen, Danqi and Manning, Christopher D and Ng,
    Andrew},
  booktitle={Advances in Neural Information Processing Systems},
  pages={926--934},
  year={2013}
}

@inproceedings{socher-2013-compositional-vector-grammar,
  title={Parsing with compositional vector grammars},
  author={Socher, Richard and Bauer, John and Manning, Christopher D and Ng, Andrew Y},
  booktitle={In Proceedings of the ACL conference},
  year={2013},
  organization={Citeseer}
}

@inproceedings{socher-2013-rnns-for-sentiment-analysis,
  title={Recursive deep models for semantic compositionality over a sentiment
    treebank},
  author={Socher, Richard and Perelygin, Alex and Wu, Jean Y and Chuang, Jason
    and Manning, Christopher D and Ng, Andrew Y and Potts, Christopher},
  booktitle={Proceedings of EMNLP},
  year={2013}
}

@article{soderland-1995-information-extraction,
  title={Learning to Extract Text-Based Information from the World Wide Web.},
  author={Soderland, Stephen},
  booktitle={KDD},
  volume={97},
  pages={251--254},
  year={1997}
}

@incollection{steedman-2006-ccg,
  title={Combinatory categorial grammar},
  author={Steedman, Mark and Baldridge, Jason},
  editor={Keith Brown},
  booktitle={Encyclopedia of Language and Linguistics},
  volume={2},
  publisher={Elsevier},
  pages={610--622},
  year={2006}
}

@inproceedings{suchanek-2007-yago,
  title={Yago: a core of semantic knowledge},
  author={Suchanek, Fabian M and Kasneci, Gjergji and Weikum, Gerhard},
  booktitle={Proceedings of WWW},
  year={2007},
}

@article{suchanek-2013-akbc-workshop,
  title={Advances in automated knowledge base construction},
  author={Suchanek, Fabian and Fan, James and Hoffmann, Raphael and Riedel, Sebastian and Talukdar, Partha Pratim},
  journal={SIGMOD Records journal, March},
  year={2013}
}

@article{sukhbaatar-2015-n2n-memory-networks,
  title={End-To-End Memory Networks},
  author={Sukhbaatar, Sainbayar and Szlam, Arthur and Weston, Jason and Fergus, Rob},
  journal={arXiv preprint arXiv:1503.08895},
  year={2015}
}

@inproceedings{surdeanu-2012-relation-extraction,
  title={Multi-instance multi-label learning for relation extraction},
  author={Surdeanu, Mihai and Tibshirani, Julie and Nallapati, Ramesh and
    Manning, Christopher D},
  booktitle={Proceedings of the 2012 Joint Conference on Empirical Methods in
    Natural Language Processing and Computational Natural Language Learning},
  pages={455--465},
  year={2012},
  organization={Association for Computational Linguistics}
}

@inproceedings{sutskever-2009-bayesian-clustered-tensor-factorization,
  title={Modelling relational data using Bayesian clustered tensor
    factorization},
  author={Sutskever, Ilya and Tenenbaum, Joshua B and Salakhutdinov, Ruslan R},
  booktitle={Advances in neural information processing systems},
  pages={1821--1828},
  year={2009}
}

@inproceedings{talukdar-2012-temporal-constraints,
  title={Acquiring temporal constraints between relations},
  author={Talukdar, Partha Pratim and Wijaya, Derry and Mitchell, Tom},
  booktitle={Proceedings of the 21st ACM international conference on
    Information and knowledge management},
  pages={992--1001},
  year={2012},
  organization={ACM}
}

@inproceedings{tiedemann-2012-parallel-data-opus,
  title={Parallel Data, Tools and Interfaces in OPUS.},
  author={Tiedemann, J{\"o}rg},
  booktitle={LREC},
  pages={2214--2218},
  year={2012}
}

@inproceedings{tong-2006-fast-ppr,
  title={Fast Random Walk with Restart and Its Applications},
  author={Tong, Hanghang and Faloutsos, C and Pan, J-Y},
  booktitle={Sixth International Conference on Data Mining (ICDM'06)},
  year={2006}
}

@inproceedings{toutanova-2015-joint-text-kb-embedding,
  title={Representing Text for Joint Embedding of Text and Knowledge
    Bases},
  author={Kristina Toutanova and Danqi Chen and Patrick Pantel and
    Hoifung Poon and Pallavi Choudhury and Michael Gamon},
  booktitle={EMNLP},
  year={2015}
}

@inproceedings{toutanova-2015-observed-vs-latent-kbc,
  title={Observed versus latent features for knowledge base and text
    inference},
  author={Kristina Toutanova and Danqi Chen},
  booktitle={ACL workshop on on Continuous Vector Space Models and Their
    Compositionality},
  year={2015}
}

@inproceedings{wang-2013-proppr,
 author = {Wang, William Yang and Mazaitis, Kathryn and Cohen, William W.},
 title = {Programming with Personalized Pagerank: A Locally Groundable
   First-order Probabilistic Logic},
 booktitle = {Proceedings of the 22Nd ACM International Conference on
   Conference on Information \&\#38; Knowledge Management},
 series = {CIKM '13},
 year = {2013},
 isbn = {978-1-4503-2263-8},
 location = {San Francisco, California, USA},
 pages = {2129--2138},
 numpages = {10},
 url = {http://doi.acm.org/10.1145/2505515.2505573},
 doi = {10.1145/2505515.2505573},
 acmid = {2505573},
 publisher = {ACM},
 address = {New York, NY, USA},
 keywords = {personalized pagerank, probabilistic prolog},
}

@inproceedings{wang-2014-transh,
  title={Knowledge graph embedding by translating on hyperplanes},
  author={Wang, Zhen and Zhang, Jianwen and Feng, Jianlin and Chen, Zheng},
  booktitle={Proceedings of the Twenty-Eighth AAAI Conference on Artificial
    Intelligence},
  pages={1112--1119},
  year={2014}
}

@inproceedings{wang-2014-joint-embedding-kb-text,
  title={Knowledge Graph and Text Jointly Embedding},
  author={Wang, Zhen and Zhang, Jianwen and Feng, Jianlin and Chen, Zheng},
  booktitle={Proceedings of the Conference on Empirical Methods in Natural
    Language Processing (EMNLP-2014)},
  year={2014}
}

@article{wang-2014-structure-learning,
  title={Structure Learning via Parameter Learning},
  author={Wang, William Yang and Mazaitis, Kathryn and Cohen, William W},
  journal={Proceedings of the 23rd ACM International Conference on Information
    and Knowledge Management (CIKM 2014)},
  year={2014}
}

@inproceedings{west-2014-kbc-via-qa,
  title={Knowledge Base Completion via Search-Based Question Answering},
  author={West, Robert and Gabrilovich, Evgeniy and Murphy, Kevin and Sun,
    Shaohua and Gupta, Rahul and Lin, Dekang},
  booktitle={WWW},
  year={2014},
}

@inproceedings{weston-2013-connecting-language-and-kb,
  title={Connecting language and knowledge bases with embedding models for
    relation extraction},
  author={Weston, Jason and Bordes, Antoine and Yakhnenko, Oksana and Usunier,
    Nicolas},
  booktitle={Proceedings of EMNLP},
  year={2013}
}

@article{weston-2014-memory-networks,
  title={Memory networks},
  author={Weston, Jason and Chopra, Sumit and Bordes, Antoine},
  journal={arXiv preprint arXiv:1410.3916},
  year={2014}
}

@article{weston-2015-babi,
  title={Towards AI-complete question answering: a set of prerequisite toy
    tasks},
  author={Weston, Jason and Bordes, Antoine and Chopra, Sumit and Mikolov,
    Tomas},
  journal={arXiv preprint arXiv:1502.05698},
  year={2015}
}

@inproceedings{winograd-schema-2012,
  title={The Winograd schema challenge.},
  author={Levesque, Hector J and Davis, Ernest and Morgenstern, Leora},
  booktitle={KR},
  year={2012}
}

@article{wordnet-1995,
  title={WordNet: a lexical database for English},
  author={Miller, George A},
  journal={Communications of the ACM},
  volume={38},
  number={11},
  pages={39--41},
  year={1995},
  publisher={ACM}
}

@inproceedings{wu-2007-semantifying-wikipedia,
  title={Autonomously semantifying wikipedia},
  author={Wu, Fei and Weld, Daniel S},
  booktitle={Proceedings of the sixteenth ACM conference on Conference on information and knowledge management},
  pages={41--50},
  year={2007},
  organization={ACM}
}

@inproceedings{yao-2014-info-extraction-freebase-qa,
  title={Information Extraction over Structured Data: Question Answering with Freebase},
  author={Xuchen Yao and Benjamin Van Durme},
  booktitle={ACL},
  year={2014}
}

@inproceedings{yates-2007-textrunner,
  title={Textrunner: open information extraction on the web},
  author={Yates, Alexander and Cafarella, Michael and Banko, Michele and
    Etzioni, Oren and Broadhead, Matthew and Soderland, Stephen},
  booktitle={Proceedings of Human Language Technologies: The Annual Conference
    of the North American Chapter of the Association for Computational
      Linguistics: Demonstrations},
  pages={25--26},
  year={2007},
  organization={Association for Computational Linguistics}
}

@inproceedings{yih-2015-semparse-query-graph,
  title={Semantic Parsing via Staged Query Graph Generation: Question Answering with Knowledge
    Base},
  author={Wen{-}tau Yih and Ming-Wei Chang and Xiaodong He and Jianfeng Gao},
  booktitle={ACL},
  year={2015}
}

@inproceedings{yu-2014-w2v-with-semantic-knowledge,
  title={Improving Lexical Embeddings with Semantic Knowledge},
  author={Mo Yu and Mark Dredze},
  booktitle={ACL},
  year={2014}
}

@inproceedings{zelle-1996-geoquery,
  title={Learning to Parse Database Queries Using Inductive Logic Programming},
  author={John M. Zelle and Raymond J. Mooney},
  booktitle={AAAI},
  year={1996}
}

@inproceedings{zettlemoyer-2005-ccg,
  title={Learning to Map Sentences to Logical Form: Structured Classification
    with Probabilistic Categorial Grammars},
  author={Luke S. Zettlemoyer and Michael Collins},
  booktitle={UAI},
  year={2005}
}

@inproceedings{zhu-2012-max-margin-latent-link-prediction,
  title={Max-Margin Nonparametric Latent Feature Models for Link Prediction},
  author={Zhu, Jun},
  booktitle={Proceedings of the 29th International Conference on Machine
    Learning (ICML-12)},
  pages={719--726},
  year={2012}
}

@article{kumar2013hazy,
  title={Hazy: making it easier to build and maintain big-data analytics},
  author={Kumar, Arun and Niu, Feng and R{\'e}, Christopher},
  journal={Communications of the ACM},
  volume={56},
  number={3},
  pages={40--49},
  year={2013},
  publisher={ACM}
}

@inproceedings{wang2011relation,
  title={Relation extraction with relation topics},
  author={Wang, Chang and Fan, James and Kalyanpur, Aditya and Gondek, David},
  booktitle={Proceedings of the Conference on Empirical Methods in Natural
    Language Processing},
  pages={1426--1436},
  year={2011},
  organization={Association for Computational Linguistics}
}

@inproceedings{settles2013let,
  title={Let's get together: the formation and success of online creative collaborations},
  author={Settles, Burr and Dow, Steven},
  booktitle={Proceedings of CHI},
  year={2013},
}

@inproceedings{agichtein2000snowball,
  title={Snowball: Extracting relations from large plain-text collections},
  author={Agichtein, Eugene and Gravano, Luis},
  booktitle={Proceedings of the Fifth ACM conference on Digital libraries},
  year={2000},
}

@inproceedings{etzioni2004web,
  title={Web-scale information extraction in knowitall:(preliminary results)},
  author={Etzioni, Oren and Cafarella, Michael and Downey, Doug and Kok, Stanley and Popescu, Ana-Maria and Shaked, Tal and Soderland, Stephen and Weld, Daniel S and Yates, Alexander},
  booktitle={Proceedings of WWW},
  year={2004},
}

@inproceedings{suchanek2006combining,
  title={Combining linguistic and statistical analysis to extract relations from web documents},
  author={Suchanek, Fabian M and Ifrim, Georgiana and Weikum, Gerhard},
  booktitle={Proceedings of KDD},
  year={2006},
}

@inproceedings{ravichandran2002learning,
  title={Learning surface text patterns for a question answering system},
  author={Ravichandran, Deepak and Hovy, Eduard},
  booktitle={Proceedings of ACL},
  year={2002},
}

@inproceedings{etzioni2011open,
  title={Open information extraction: The second generation},
  author={Etzioni, Oren and Fader, Anthony and Christensen, Janara and Soderland, Stephen and Mausam, Mausam},
  booktitle={Proceedings of IJCAI},
  year={2011},
}

@article{callan09clueweb,
  title={Clueweb09 data set},
  author={Callan, J. and Hoy, M. and Yoo, C. and Zhao, L.},
  journal={boston.lti.cs.cmu.edu},
  year={2009}
}

@inproceedings{korhonen2003clustering,
  title={Clustering polysemic subcategorization frame distributions semantically},
  author={Korhonen, Anna and Krymolowski, Yuval and Marx, Zvika},
  booktitle={Proceedings of ACL},
  year={2003},
}

@inproceedings{hearst1992automatic,
  title={Automatic acquisition of hyponyms from large text corpora},
  author={Hearst, Marti A},
  booktitle={Proceedings of the 14th conference on Computational Linguistics},
  year={1992},
}

@article{brin1999extracting,
  title={Extracting patterns and relations from the world wide web},
  author={Brin, Sergey},
  booktitle={The World Wide Web and Databases},
  year={1999},
  publisher={Springer}
}

@inproceedings{snow2006semantic,
  title={Semantic taxonomy induction from heterogenous evidence},
  author={Snow, Rion and Jurafsky, Daniel and Ng, Andrew Y},
  booktitle={Proceedings of ACL},
  year={2006},
}

@misc{mallet,
  title={MALLET: A Machine Learning for Language Toolkit},
  author={McCallum, Andrew Kachites},
  year={2002},
  url={http://mallet.cs.umass.edu},
}

@article{ritter2013modeling,
  title={Modeling Missing Data in Distant Supervision for Information Extraction},
  author={Ritter, Alan and Zettlemoyer, Luke and Mausam and Etzioni, Oren},
  journal={Transactions of the Association for Computational Linguistics},
  year={2013},
}

@article{Callan:09,
  title={Clueweb09 data set},
  author={Callan, J. and Hoy, M. and Yoo, C. and Zhao, L.},
  journal={boston.lti.cs.cmu.edu},
  year={2009}
}

@article{nivre2007maltparser,
  title={MaltParser: A language-independent system for data-driven dependency parsing},
  author={Nivre, J. and Hall, J. and Nilsson, J. and Chanev, A. and Eryigit, G.
    and K{\"u}bler, S. and Marinov, S. and Marsi , E.},
  journal={Natural Language Engineering},
  volume={13},
  number={02},
  year={2007},
  publisher={Cambridge Univ Press}
}

@inproceedings{guodong2005exploring,
  title={Exploring various knowledge in relation extraction},
  author={GuoDong, Zhou and Jian, Su and Jie, Zhang and Min, Zhang},
  booktitle={Proceedings of the 43rd annual meeting of the Association for
    Computational Linguistics},
  pages={427--434},
  year={2005},
  organization={Association for Computational Linguistics}
}
