@inproceedings{zettlemoyer05,
  author    = {Luke S. Zettlemoyer and
               Michael Collins},
  title     = {Learning to Map Sentences to Logical Form: structured Classification
               with Probabilistic Categorial Grammars},
  booktitle = {UAI '05, Proceedings of the 21st Conference in Uncertainty
               in Artificial Intelligence},
  year      = {2005},
}

@inproceedings{zelle1996,
 author = {Zelle, John M. and Mooney, Raymond J.},
 title = {Learning to parse database queries using inductive logic programming},
 booktitle = {Proceedings of the thirteenth national conference on Artificial Intelligence},
 year = {1996},
}
 isbn = {0-262-51091-X},
 location = {Portland, Oregon},
 pages = {1050--1055},
 numpages = {6},
 url = {http://dl.acm.org/citation.cfm?id=1864519.1864543},
 acmid = {1864543},
 publisher = {AAAI Press},


@inproceedings{krishnamurthy2012,
 author = {Krishnamurthy, Jayant and Mitchell, Tom M.},
 title = {Weakly supervised training of semantic parsers},
 booktitle = {Proceedings of the 2012 Joint Conference on Empirical Methods in Natural Language Processing and Computational Natural Language Learning},
 year = {2012},
}
 series = {EMNLP-CoNLL '12},
 location = {Jeju Island, Korea},
 pages = {754--765},
 numpages = {12},
 url = {http://dl.acm.org/citation.cfm?id=2390948.2391030},
 acmid = {2391030},
 publisher = {Association for Computational Linguistics},
 address = {Stroudsburg, PA, USA},
